@book{tolkien_letters,
  author = {Tolkien, J.R.R.},
  title = {The Letters of J.R.R. Tolkien},
  year = {1981},
  publisher = {Houghton Mifflin}
}

@article{att_is_all_you_need,
  title={Attention is all you need},
  author={Vaswani, Ashish and Shazeer, Noam and Parmar, Niki and Uszkoreit, Jakob and Jones, Llion and Gomez, Aidan N and Kaiser, \L{}ukasz and Polosukhin, Illia},
  eprint={1706.03762},
  archivePrefix={arXiv},
  primaryClass={cs.CL},
  url={https://arxiv.org/abs/1706.03762},
}

@online{narrative_def,
  author = {Muriel, Tomás},
  title = {Narrativa},
  date = {2023-10-02},
  url = {https://www.significados.com/narrativa/},
  urldate = {2025-05-24},
  publisher = {Significados.com},
}

@book{world_building,
  author    = {Jeff VanderMeer},
  title     = {Wonderbook: The Illustrated Guide to Creating Imaginative Fiction},
  year      = {2013},
  publisher = {Abrams Image},
  isbn      = {978-1-4197-0681-7}
}

@misc{crit_match_web,
  title = {{Critical Match: Plataforma para juegos de mesa}},
  howpublished = {\url{https://www.criticalmatch.app/}},
  note = {Plataforma enfocada en juegos de mesa como rol, cartas coleccionables y wargames.},
  urldate = {2025-05-24}
}

@misc{crit_match_app,
  author = {{Critical Match UG}},
  title = {{Critical Match: Encuentra mesas de rol}},
  howpublished = {Google Play Store},
  year = {2025}, 
  note = {Versión de la aplicación móvil},
  url = {https://play.google.com/store/apps/details?id=com.criticalmatch},
  urldate = {2025-05-24} 
}

@article{Devlin2019BERT,
  author    = {Jacob Devlin and Ming-Wei Chang and Kenton Lee and Kristina Toutanova},
  title     = {{BERT: Pre-training of Deep Bidirectional Transformers for Language Understanding}},
  journal   = {Proceedings of the 2019 Conference of the North {A}merican Chapter of the Association for Computational Linguistics: Human Language Technologies, Volume 1 (Long and Short Papers)},
  year      = {2019},
  pages     = {4171--4186},
  publisher = {Association for Computational Linguistics},
  doi       = {10.18653/v1/N19-1152},
  url       = {https://arxiv.org/abs/1810.04805}
}

@article{Brown2020GPT3,
  author    = {Tom B. Brown and Benjamin Mann and Nick Ryder and Melanie Subbiah and Jared Kaplan and Prafulla Dhariwal and Arvind Neelakantan and Pranav Shyam and Girish Sastry and Amanda Askell and Sandhini Agarwal and Ariel Herbert-Voss and Gretchen Krueger and Rewon Child and Adam Ramesh and Daniel Ziegler and Jeffrey Wu and Clemens Winter and Christopher Hesse and Mark Chen and Eric Sigler and Mateusz Litwin and Scott Gray and Benjamin Chess and Jack Clark and Christopher Berner and Sam McCandlish and Alec Radford and Ilya Sutskever and Dario Amodei},
  title     = {{Language Models are Few-Shot Learners}},
  journal   = {Advances in Neural Information Processing Systems},
  year      = {2020},
  volume    = {33},
  pages     = {1877--1901},
  url       = {https://proceedings.neurips.cc/paper/2020/file/145749ea3f59e0b57574be084196c703-Paper.pdf}
}

@misc{OpenAIChatGPT2022,
  author    = {{OpenAI}},
  title     = {{ChatGPT: Optimizing Language Models for Dialogue}},
  howpublished = {Blog post},
  month     = nov,
  year      = {2022},
  url       = {https://openai.com/blog/chatgpt/},
  urldate   = {2025-05-24}
}

@article{GeminiTeam2023Gemini,
  author    = {{Gemini Team}},
  title     = {{Gemini: A Family of Highly Capable Multimodal Models}},
  journal   = {arXiv preprint arXiv:2312.11805},
  year      = {2023},
  url       = {https://arxiv.org/abs/2312.11805}
}

@misc{MetaAIAbout,
  author    = {{Meta AI}},
  title     = {{About Meta AI}},
  howpublished = {Website},
  url       = {https://ai.meta.com/},
  urldate   = {2025-05-24},
  note      = {Página oficial de Meta AI}
}

@article{Radford2018GPT1,
  author    = {Alec Radford and Karthik Narasimhan and Tim Salimans and Ilya Sutskever},
  title     = {{Improving Language Understanding by Generative Pre-Training}},
  journal   = {OpenAI},
  year      = {2018},
  month     = jun,
  url       = {https://cdn.openai.com/research-covers/language-unsupervised/language_understanding_paper.pdf},
  note      = {Technical Report},
  urldate   = {2025-05-24}
}

@BOOK{BOOK:1,
    AUTHOR="John Doe",
    TITLE="The Book without Title",
    PUBLISHER="Dummy Publisher",
    YEAR="2100",
}

@INBOOK{BOOK:2,
    AUTHOR="John Doe",
    TITLE="The Book without Title",
    PUBLISHER="Dummy Publisher",
    YEAR="2100",
    PAGES="100-200",
}

@MISC{WEBSITE:1,
	HOWPUBLISHED = "\url{http://example.com}",
	AUTHOR = "Intel",
	TITLE = "Example Website",
	MONTH = "12",
	YEAR = "1988",
	URLDATE = {2012-11-26}
}

@MANUAL{dallas:ds18b20,
    organization  = "Dallas Semiconductor",
    title         = "DS18B20 Programmable Resolution 1-Wire Digital Thermometer",
    number        = "050400",
    year          =  2015,
    note          = "Rev. 3"
}

@book{teton2003,
	title={Gu{\'\i}a t{\'e}cnica de la acuariofilia},
	author={Teton, J.},
	isbn={9788489840249},
	series={Gu{\'\i}as t{\'e}cnicas},
	url={https://books.google.com.ar/books?id=6vrjovWkQicC},
	year={2003},
	publisher={Tursen S.A. - H. Blume}
}

@book{IEEE:citation,
	author={IEEE},
	title={IEEE Citation Reference},
	edition={1},
	url={http://www.ieee.org/documents/ieeecitationref.pdf},
	urldate={2016-9-26},
	publisher={IEEE Publications},
	year={2016}
}

@MISC{lpcopen,
   author =	{{NXP Semiconductors}},
   title =	{LPCOPEN v2.16 Drivers, Middleware and Examples},
   url =	{http://www.nxp.com/products/microcontrollers-and-processors/arm-processors/lpc-cortex-m-mcus/software-tools/lpcopen-libraries-and-examples:LPC-OPEN-LIBRARIES},
   note =	{Disponible: 2016-06-25},
 }
 
@MISC{contrib,
	author =	{{Savannah}},
	title =	{lwIP - A Lightweight TCP/IP stack},
	url =	{http://git.savannah.gnu.org/cgit/lwip/lwip-contrib.git},
	note =	{Disponible: 2016-06-25},
 }

@MISC{webserver,
	author =	{{Savannah}},
	title =	{lwIP - Wiki - Sample Web Server},
	url =	{ http://lwip.wikia.com/wiki/Sample_Web_Server},
	note =	{Disponible: 2016-06-25}
 } 
 


@MISC{sensor_pH,
   author =	{dfRobot},
   title =	{PH meter(SKU: SEN0161)},
   url =	{http://www.dfrobot.com/wiki/index.php?title=PH_meter(SKU:_SEN0161)},
   note =	{Disponible: 2016-06-25},
}

@misc{rfc2616,
	series =	{Request for Comments},
	number=		2616,
	howpublished=	{RFC 2616},
	publisher =	{RFC Editor},
	doi =		{10.17487/rfc2616},
	url =		{https://rfc-editor.org/rfc/rfc2616.txt},
	author=		{Jeffrey Mogul and Larry M Masinter and Roy T. Fielding and Jim Gettys and Paul J. Leach and Tim Berners-Lee},
	title=		{{Hypertext Transfer Protocol -- HTTP/1.1}},
	pagetotal =	176,
	year =		2013,
	month =		3,
	day =		2,
	abstract =	{HTTP has been in use by the World-Wide Web global information initiative since 1990. This specification defines the protocol referred to as &quot;HTTP/1.1&quot;, and is an update to RFC 2068. [STANDARDS-TRACK]},
}

@misc{rfc3875,
	series =	{Request for Comments},
	number=		3875,
	howpublished=	{RFC 3875},
	publisher =	{RFC Editor},
	doi =		{10.17487/rfc3875},
	url =		{https://rfc-editor.org/rfc/rfc3875.txt},
	author=		{David Robinson},
	title=		{{The Common Gateway Interface (CGI) Version 1.1}},
	pagetotal =	36,
	year =		2013,
	month =		mar,
	day =		20,
	abstract =	{The Common Gateway Interface (CGI) is a simple interface for running external programs, software or gateways under an information server in a platform-independent manner. Currently, the supported information servers are HTTP servers.},
}

@misc{rfc7540,
	series =	{Request for Comments},
	number=		7540,
	howpublished=	{RFC 7540},
	publisher =	{RFC Editor},
	doi =		{10.17487/rfc7540},
	url =		{https://rfc-editor.org/rfc/rfc7540.txt},
	author=		{Mike Belshe and Roberto Peon and Martin Thomson},
	title=		{{Hypertext Transfer Protocol Version 2 (HTTP/2)}},
	pagetotal =	96,
	year =		2015,
	month =		nov,
	day =		18,
	abstract =	{This specification describes an optimized expression of the semantics of the Hypertext Transfer Protocol (HTTP), referred to as HTTP version 2 (HTTP/2). HTTP/2 enables a more efficient use of network resources and a reduced perception of latency by introducing header field compression and allowing multiple concurrent exchanges on the same connection. It also introduces unsolicited push of representations from servers to clients.},
}